Untuk setiap referensi, baris pertama (Newton1687) merupakan label dan baris-baris berikutnya
merupakan atribut dari referensi yang akan digunakan. Umumnya, format referensi berikut sudah
disediakan oleh penyedia sumber referensi secara online dan bisa langsung digunakan di sini.

Lihat https://www.bibtex.com/g/bibtex-format/ untuk informasi lebih lanjut mengenai format
BibTex yang digunakan pada file ini.

@article{manullang,
    author = {Samuel Manullang},
    title = {Robot Pengisi Nomor Token Listrik},
    journal = {Pustaka Politeknik Caltex Riau},
    year = {2020}
}

@article{kurnianto,
    author = {Danny Kurnianto and Aldi Wijaya and Muntaqo Alfin Amanaf},
    title = {Sistem Pengisian Token Listrik Jarak Jauh Berbasis IoT pada Alat Ukur Listrik Rumah},
    journal = {Jurnal TELKA UIN},
    year = {2022}
}

@book{iot-sg,
    author = {Samuel Greengard},
    title = {The Internet of Things},
    publisher = {The MIT Press},
    year = {2015}
}

@article{iot-arab,
    author = {Ala Al-Fuqaha amd Mohsen Guizani and Mehdi Mohammadi and Mohammed Aledhari and Moussa Ayyash},
    title = {Internet of Things: A Survey on Enabling Technologies, Protocols and Applications},
    journal = {Institute of Electrical and Electronics Engineers (IEEE)},
    year = {2015}
}

@misc{esp32,
    title = {Introduction to ESP32},
    url = {https://docs.espressif.com/projects/esp-idf/en/stable/esp32/get-started/index.html},
    author = {Espressif},
    year = {2024},
    note = {Diakses 14 Oktober 2024}
}

@book{3dprinting,
    author = {Ian Gibson and David Rosen and Brent Stucker},
    title = {Additive Manufacturing Technologies},
    publisher = {Springer},
    year = {2020} 
}

@book{cnc,
    author = {Suk-Hwan Suh and Seong-Kyoon Kang and Dae-Hyuk Chung and Ian Stroud},
    title = {Theory and Design of CNC Systems},
    publisher = {Springer},
    year = {2008}
}

@misc{esp32-datasheer,
    author       = {Espresssif},
    title        = {ESP32 Series Datasheet},
    year         = {2024},
    howpublished ={\url{https://www.espressif.com/sites/default/files/documentation/esp32_datasheet_en.pdf}},
    note         = {Diakses 20 Oktober 2024}
}

@article{industry40,
    author = {Saurabh Vaidyaa and Prashant Ambadb and Santosh Bhosle},
    title = {Industry 4.0 â€“ A Glimpse},
    journal = {ScienceDirect},
    year = {2018}   
}

@book{masteringcad,
    author = {Ibrahim Zeid},
    title = {Mastering CAD/CAM},
    publisher = {McGraw Hill},
    year = {2002}
}
